@inproceedings{gunn2019,
  address   = {New York, NY, USA},
  articleno = {12},
  author    = {Gunn, Charles G. and De Keninck, Steven},
  booktitle = {ACM SIGGRAPH 2019 Courses},
  doi       = {10.1145/3305366.3328099},
  isbn      = {9781450363075},
  location  = {Los Angeles, California},
  numpages  = {140},
  publisher = {Association for Computing Machinery},
  series    = {SIGGRAPH '19},
  title     = {Geometric Algebra and Computer Graphics},
  year      = {2019},
}
